@article{esnal_erroreak_1988,
	author = {Esnal, Pello},
	file = {Esnal_1988_Erroreak helduen euskalduntzearen azken urratsetan.pdf:/home/juan/Dokumentuak/Zotero/storage/AEBSG5QT/Esnal_1988_Erroreak helduen euskalduntzearen azken urratsetan.pdf:application/pdf},
	journal = {Zutabe: euskalduntze alfabetatzearen aldizkaria},
	keywords = {EA, IL, euskara L2},
	language = {eus},
	note = {00000},
	pages = {9--66 or.},
	title = {Erroreak helduen euskalduntzearen azken urratsetan},
	volume = {17. zenb},
	year = {1988}
}

@article{de_bot_bilingual_1992,
	abstract = {In this article a description is given of a model of the bilingual speaker. The model presented is based on Levelt's (1989) 'Speaking' model, which sketches a framework in which a number of (highly autonomous) information processing components are postulated. The main characteristics of the model are that it is incremental and parallel, and that lower level processing is more automatized than higher level processing. An attempt is made to adapt the Levelt model for bilingual processing. Given the firm empirical basis of the (monolingual) version of the model, it was intended to change the model as little as possible. It is concluded that the first component, the conceptualize is probably partly language-specific and partly language-independent. Further it is hypothesized that there are different formulators for each language, while there is one lexicon where lexical elements from different languages are stored together. The output of the formulators is sent to the articulator which makes use of a large set of non-language specific speech motor plans. The adapted version of Levelt's model appears to provide a good explanation of various aspects of language production, especially with respect to codeswitching and the storage and retrieval of lexical elements, and it may suggest a useful direction to take in future research on language processing in bilinguals.},
	author = {{De Bot}, Kees},
	doi = {10.1093/applin/13.1.1},
	file = {De Bot_1992_A bilingual production model.pdf:/home/juan/Dokumentuak/Zotero/storage/AHVBKPZJ/De Bot_1992_A bilingual production model.pdf:application/pdf},
	issn = {0142-6001},
	journal = {Applied Linguistics},
	language = {English},
	note = {00002},
	number = {1},
	pages = {1--24},
	shorttitle = {A bilingual production model},
	title = {A bilingual production model: {Levelt}'s '{Speaking}' model adapted},
	url = {http://search.proquest.com/docview/1300375702/6B3F2349D0234C61PQ/1?accountid=17248},
	urldate = {2014-05-22},
	volume = {13},
	year = {1992}
}

@book{segalowitz_cognitive_2010,
	abstract = {Exploring fluency from multiple vantage points that together constitute a cognitive science perspective, this book examines research in second language acquisition and bilingualism that points to promising avenues for understanding and promoting second language fluency. Cognitive Bases of Second Language Fluency covers essential topics such as units of analysis for measuring fluency, the relation of second language fluency to general cognitive fluidity, social and motivational contributors to fluency, and neural correlates of fluency. The author provides clear and accessible summaries of foundational empirical work on speech production, automaticity, lexical access, and other issues of relevance to second language acquisition theory. Cognitive Bases of Second Language Fluency is a valuable reference for scholars in SLA, cognitive psychology, and language teaching, and it can also serve as an ideal textbook for advanced courses in these fields.},
	address = {New York},
	author = {Segalowitz, Norman},
	file = {Segalowitz_2010_Cognitive Bases of Second Language Fluency.jpeg:/home/juan/Dokumentuak/Zotero/storage/MFGX7NV6/Segalowitz_2010_Cognitive Bases of Second Language Fluency.jpeg:image/jpeg;Segalowitz_2010_Cognitive Bases of Second Language Fluency.jpeg:/home/juan/Dokumentuak/Zotero/storage/C7WG6CPD/Segalowitz_2010_Cognitive Bases of Second Language Fluency.jpeg:image/jpeg;Segalowitz_2010_Cognitive Bases of Second Language Fluency.pdf:/home/juan/Dokumentuak/Zotero/storage/HV3ST33N/Segalowitz_2010_Cognitive Bases of Second Language Fluency.pdf:application/pdf},
	isbn = {978-0-8058-5662-0},
	keywords = {BULEGUN, Language Arts \& Disciplines / General, Language Arts \& Disciplines / Linguistics / General, Language Arts \& Disciplines / Linguistics / Psycholinguistics, Psychology / Cognitive Psychology},
	language = {en},
	note = {00092},
	publisher = {Routledge},
	title = {Cognitive {Bases} of {Second} {Language} {Fluency}},
	year = {2010}
}

@book{r_core_team_r:_2014,
	address = {Vienna, Austria},
	author = {{R Core Team}},
	note = {00000},
	publisher = {R Foundation for Statistical Computing},
	title = {R: {A} {Language} and {Environment} for {Statistical} {Computing}},
	url = {http://www.R-project.org},
	year = {2014}
}

@article{boersma_praat_2001,
	author = {Boersma, Paul and Weenink, David},
	file = {Boersma_2001_Praat, a system for doing phonetics by computer.pdf:/home/juan/Dokumentuak/Zotero/storage/T3U8XXCS/Boersma_2001_Praat, a system for doing phonetics by computer.pdf:application/pdf},
	journal = {Glot International},
	language = {eng},
	note = {02465},
	pages = {341--345},
	title = {Praat, a system for doing phonetics by computer},
	url = {http://www.fon.hum.uva.nl/paul/papers/speakUnspeakPraat_glot2001.pdf},
	urldate = {2014-10-31},
	volume = {5},
	year = {2001}
}

@book{kormos_speech_2006,
	abstract = {This extremely up-to-date book, Speech Production and Second Language Acquisition, is the first volume in the exciting new series, Cognitive Science and Second Language Acquisition. This new volume provides a thorough overview of the field and proposes a new integrative model of how L2 speech is produced. The study of speech production is its own subfield within cognitive science. One of the aims of this new book, as is true of the series, is to make cognitive science theory accessible to second language acquisition. Speech Production and Second Language Acquisition examines how research on second language and bilingual speech production can be grounded in L1 research conducted in cognitive science and in psycholinguistics. Highlighted is a coherent and straightforward introduction to the bilingual lexicon and its role in spoken language performance. Like the rest of the series, Speech Production and Second Language Acquisition is tutorial in style, intended as a supplementary textbook for undergraduates and graduate students in programs of cognitive science, second language acquisition, applied linguistics, and language pedagogy.},
	address = {London},
	author = {Kormos, Judit},
	file = {Kormos_2006_Speech Production and Second Language Acquisition.pdf:/home/juan/Dokumentuak/Zotero/storage/HSARWIFR/Kormos_2006_Speech Production and Second Language Acquisition.pdf:application/pdf},
	isbn = {978-0-8058-5657-6},
	keywords = {SLA, fluency, Language Arts \& Disciplines / Study \& Teaching},
	language = {en},
	note = {00244 (2014kun)},
	publisher = {Lawrence Erlbaum Associates},
	title = {Speech {Production} and {Second} {Language} {Acquisition}},
	year = {2006}
}

@article{kormos_monitoring_1999,
	abstract = {The aim of this article is to review the psycholinguistic research on second language (L2) self-repair to date with particular attention to the relevance of this field for L2 production and acquisition. The article points out that W. J. M. Levelt's (1989, 1993, 1992) and W. J. M. Levelt et al.'s (in press) perceptual loop theory of monitoring can be adopted for monitoring in L2 speech as well. It is also argued, however, that this theory needs to be complemented with recent research on consciousness, attention, and noticing in order to account for mechanisms of error detection in L2.},
	author = {Kormos, Judit},
	copyright = {{\copyright} 1999 Language Learning Research Club, University of Michigan},
	doi = {10.1111/0023-8333.00090},
	file = {Kormos_1999_Monitoring and Self-Repair in L2.pdf:/home/juan/Dokumentuak/Zotero/storage/DE65HW2P/Kormos_1999_Monitoring and Self-Repair in L2.pdf:application/pdf;Snapshot:/home/juan/Dokumentuak/Zotero/storage/28H7X582/abstract.html:text/html},
	issn = {1467-9922},
	journal = {Language Learning},
	keywords = {ETTEKO, Monitorea, self-repair, Perceptual Loop Theory, Monitoring},
	language = {en},
	note = {00198},
	number = {2},
	pages = {303--342},
	title = {Monitoring and {Self}-{Repair} in {L}2},
	url = {http://onlinelibrary.wiley.com/doi/10.1111/0023-8333.00090/abstract},
	urldate = {2015-04-17},
	volume = {49},
	year = {1999}
}

@incollection{abasolo_transkribatze_2015,
	abstract = {Ikerlan honetan ahozko hizkuntza transkribatzeko proposamen bat aurkezten da, horren helburua
helduen euskalduntzearen testuinguruan aditz inflexioaren kategoriaren eraikuntzan ikertzea dela. Hizketa-egintzaren transkripzioa ekintza sortzailea da, horren bitartez kodetzen baitira giza errealitate soinudunaren zenbait ezaugarri, beste zenbait kodetzeke utzita, betiere hautu teorikoen arabera. Prozesuak berez duen gardentasun falta eta izaera sortzailea direla eta, aukeren nondik norakoak agerian utzi behar dira komunitate zientifikoaren aurrean, emaitzen interpretazio osoago baten mesedetan.},
	address = {Leioa},
	author = {Abasolo, Juan},
	booktitle = {Investigar en psicodid{\'a}ctica: una realidad en auge - {Psikodidaktikako} ikerketa gorabidean},
	collaborator = {Cruz, Jos{\'e} and D\'{\i}az, Maravillas},
	file = {Abasolo_2015_Transkribatze arauak eta transkripzio helburuak.pdf:/home/juan/Dokumentuak/Zotero/storage/94JIRMM9/Abasolo_2015_Transkribatze arauak eta transkripzio helburuak.pdf:application/pdf},
	isbn = {978-84-9082-061-2},
	language = {eus},
	note = {00000},
	pages = {316--325},
	publisher = {Argitarapen Zerbitzua, UPV/EHU},
	title = {Transkribatze arauak eta transkripzio helburuak},
	year = {2015}
}

@book{newmeyer_measuring_2014,
	abstract = {This book examines the question of whether languages can differ in grammatical complexity and, if so, how relative complexity differences might be measured. The volume differs from others devoted to the question of complexity in language in that the authors all approach the problem from the point of view of formal grammatical theory, psycholinguistics, or neurolinguistics. Chapters investigate a number of key issues in grammatical complexity, taking phonological, morphological, syntactic, and semantic considerations into account. These include what is often called the 'trade-off problem', namely whether complexity in one grammatical component is necessarily balanced by simplicity in another; and the question of interpretive complexity, that is, whether and how one might measure the difficulty for the hearer in assigning meaning to an utterance and how such complexity might be factored in to an overall complexity assessment.  Measuring Grammatical Complexity brings together a number of distinguished scholars in the field, and will be of interest to linguists of all theoretical stripes from advanced undergraduate level upwards, particularly those working in the areas of morphosyntax, psycholinguistics, neurolinguistics, and cognitive linguistics.},
	author = {Newmeyer, Frederick J. and Preston, Laurel B.},
	file = {Newmeyer_Preston_2014_Measuring Grammatical Complexity.pdf:/home/juan/Dokumentuak/Zotero/storage/4ZSPHPKJ/Newmeyer_Preston_2014_Measuring Grammatical Complexity.pdf:application/pdf},
	isbn = {978-0-19-968530-1},
	keywords = {Language Arts \& Disciplines / Linguistics / General},
	language = {en},
	month = oct,
	note = {00002},
	publisher = {Oxford University Press},
	title = {Measuring {Grammatical} {Complexity}},
	year = {2014}
}

@incollection{abasolo_adizki_2015,
	abstract = {Ikerlan honetan euskalduntze prozesuan ari den ikasle baten adizki jokatuen ekoizpenaren azterketa bat aurkezten da; horretarako 330 eguneko tartean egindako 10 monologoren transkripzioan oinarritu gara. Adizki jokatuen sailkapen hirukoitza aurkezten da: adizkiaren zailtasunaren araberakoa, errore gramatikalak agertzeko aukeren araberakoa eta adizkiaren aurreko etenaren araberakoa. Konplexutasun gramatikala eta ikastunarentzako ekoizpen zailtasunen artean aurkitu diren korrelazioak eta ikerketan aurrera egiteko hurrengo urrats posible batzuk ere azaltzen dira.},
	address = {Leioa},
	author = {Abasolo, Juan},
	booktitle = {Nuevos retos en la investigaci{\'o}n en {Psicodid{\'a}ctica} - {Psikodidaktikako} ikerkuntzaren erronka berriak},
	collaborator = {Bernaras, Elena and L{\'o}pez, Manu},
	file = {Abasolo - 2016 - Adizki jokatuen sailkapen hirukoitza zailtasunak,.pdf:/home/juan/Dokumentuak/Zotero/storage/8U6PRARA/Abasolo - 2016 - Adizki jokatuen sailkapen hirukoitza zailtasunak,.pdf:application/pdf;Nuevos retos-Erronka berriak (extracted pages1).pdf:/home/juan/Dokumentuak/Zotero/storage/Z8FMMAUC/Nuevos retos-Erronka berriak (extracted pages1).pdf:application/pdf},
	isbn = {978-84-9082-289-0},
	language = {eu},
	note = {00000},
	pages = {6--20},
	publisher = {Argitarapen Zerbitzua, UPV/EHU},
	title = {Adizki jokatuen sailkapen hirukoitza: zailtasunak, etenak eta erroreak},
	year = {2015}
}

@book{levelt_speaking:_1989,
	address = {Cambridge},
	author = {Levelt, Willem J. M.},
	isbn = {978-0-262-12137-8},
	language = {eng},
	note = {08926},
	publisher = {The MIT Press},
	shorttitle = {Speaking},
	title = {Speaking: {From} intention to articulation},
	year = {1989}
}

@article{gaetanelle_errors_2011,
	abstract = {In this introduction, we wish to provide a broad overview of errors and disfluencies,
showing  how  they  are  defined  --  and  distinguished  from  each  other  --  in  the
literature, and what impact the corpus revolution has had on the study of these
phenomena. We will also demonstrate the usefulness of investigating such items
by  examining  some  of  the  possible  applications  of  the  study  of  errors  and
disfluencies.},
	author = {Ga{\"e}tanelle, Gilquin and {De Cock}, Sylvie},
	doi = {10.1075/ijcl.16.2.01gil},
	file = {Ga{\"e}tanelle eta De Cock - 2011 - Errors and disfluencies in spoken corpora Setting.pdf:/home/juan/Dokumentuak/Zotero/storage/VZCZE9GQ/Ga{\"e}tanelle eta De Cock - 2011 - Errors and disfluencies in spoken corpora Setting.pdf:application/pdf},
	issn = {1384-6655, 1569-9811},
	journal = {International Journal of Corpus Linguistics},
	keywords = {+MARKO TEORIKOA, corpus, erreferentziak, error},
	language = {en},
	month = may,
	note = {00011},
	number = {2},
	pages = {141--172},
	shorttitle = {Errors and disfluencies in spoken corpora},
	title = {Errors and disfluencies in spoken corpora: {Setting} the scene},
	url = {https://benjamins.com/catalog/ijcl.16.2.01gil},
	urldate = {2017-01-08},
	volume = {16},
	year = {2011}
}

@incollection{abasolo_desjariakortasuna_2016-2,
	abstract = {Lan honetan, kasu-azterketa diseinua erabilita, euskara-ikastun nagusi baten ibilbidea aztertu dugu
gramatika-errore eta desjariakortasun adierazleen ekoizpenari dagokionean, 330 egunean zehar
Hizkuntzetarako Europako Erreferentzia Esparru Bateratuaren araberako B1-C1 ibilbidean. Horretarako,
haste-fasean egindako lau neurketen datuak eta amaiera faseko bost neurketen datuen arteko alderaketa
egin dugu, A-B diseinuan oinarrituta. Zailtasun adierazleen ekoizpenari dagokionez, ez dugu aurkitu alde
adierazgarririk, \%95 konfiantza mailan, aurrez prestatutako monologo erako ahozko ekoizpenean.},
	address = {Leioa},
	author = {Abasolo, Juan},
	booktitle = {{XXIII} {Jorn{\'a}das} de {Investigaci{\'o}n} en psicodid{\'a}ctica - {XIII} {Psikodidaktikako} ikerkuntza jardunaldiak},
	collaborator = {Rodriguez Fernandez, Arantzazu and Romero Andonegi, Asier and Ros Martinez de la Hidalga, Iker},
	file = {Abasolo - 2016 - Desjariakortasuna eta gramatika errorea adizki jok.pdf:/home/juan/Dokumentuak/Zotero/storage/KXWKN7CQ/Abasolo - 2016 - Desjariakortasuna eta gramatika errorea adizki jok.pdf:application/pdf;LibroJornadasPsicodidactica (352-366) (extracted pages).pdf:/home/juan/Dokumentuak/Zotero/storage/2KSENM79/LibroJornadasPsicodidactica (352-366) (extracted pages).pdf:application/pdf},
	isbn = {978-84-9082-488-7},
	keywords = {SCD, Single Case Design},
	language = {eus},
	note = {00000},
	pages = {345--358},
	publisher = {Argitarapen Zerbitzua, UPV/EHU},
	title = {Desjariakortasuna eta gramatika errorea adizki jokatuan {B}2-{C}1 ibilbidean: {Kasu} baten analisia},
	year = {2016}
}

@article{blackmer_theories_1991,
	abstract = {This study reports the first data to be published on the timing of self-repairs in spontaneous speech, giving means and confidence intervals for cut-off-to repair, error-to-repair, and cut-off-to-repair times for different types of repair based on 1525 repairs made in the conversational turns of 61 callers to a radio talk show. The three most detailed models of monitoring are discussed in the introduction, with emphasis on their temporal implications. Many of the cut-off-to-repair times observed were faster than would be predicted by any model in the Literature. Laver's (1980) theory of monitoring is shown to be incongruent with the observed times, as is Levelt's (1983, 1989) main interruption rule. The results show that people can plan corrections to their speech while talking, and suggest that Kempen and Hoenkamp's (1987) concept of incremental processing can be extended to repairs.},
	author = {Blackmer, Elizabeth R. and Mitton, Janet L.},
	doi = {10.1016/0010-0277(91)90052-6},
	issn = {00100277},
	journal = {Cognition},
	language = {en},
	month = jun,
	note = {00007},
	number = {3},
	pages = {173--194},
	title = {Theories of monitoring and the timing of repairs in spontaneous speech},
	url = {http://linkinghub.elsevier.com/retrieve/pii/0010027791900526},
	urldate = {2017-03-18},
	volume = {39},
	year = {1991}
}

@incollection{bock_language_1994,
	address = {New York},
	author = {Bock, Kathryn and Levelt, Willern},
	booktitle = {Psycholinguistics: {Critical} concepts in psychology},
	collaborator = {Gernsbacher, M.A.},
	file = {Bock_Levelt_1994_Language production.pdf:/home/juan/Dokumentuak/Zotero/storage/4QVUCJZJ/Bock_Levelt_1994_Language production.pdf:application/pdf},
	note = {01469},
	pages = {405},
	publisher = {Routledge},
	title = {Language production},
	volume = {5},
	year = {1994}
}

@article{moreno_cabrera_sobre_2007,
	abstract = {Informaci{\'o}n del art\'{\i}culo Sobre la complejidad y dificultad de las lenguas: el caso del euskera},
	author = {{Moreno Cabrera}, Juan Carlos},
	file = {Cabrera_2007_Sobre la complejidad y dificultad de las lenguas.pdf:/home/juan/Dokumentuak/Zotero/storage/UMQCSDNF/Cabrera_2007_Sobre la complejidad y dificultad de las lenguas.pdf:application/pdf;Snapshot:/home/juan/Dokumentuak/Zotero/storage/AI2WCGHA/articulo.html:text/html},
	issn = {1130-8508},
	journal = {Revista de lenguas y literaturas catalana, gallega y vasca},
	keywords = {Filolog\'{\i}as hisp{\'a}nicas, Filolog\'{\i}as, Grupo C, Grupo D},
	language = {spa},
	note = {00000},
	number = {13},
	pages = {199--216},
	shorttitle = {Sobre la complejidad y dificultad de las lenguas},
	title = {Sobre la complejidad y dificultad de las lenguas: el caso del euskera},
	url = {https://dialnet.unirioja.es/servlet/articulo?codigo=2749227},
	urldate = {2017-03-19},
	year = {2007}
}

@article{euskaltzaindia_euskara_1998,
	author = {{Euskaltzaindia}},
	file = {Euskaltzaindia_1998_Euskara batuaren ahoskera zaindua (EBAZ).pdf:/home/juan/Dokumentuak/Zotero/storage/FISPSFM5/Euskaltzaindia_1998_Euskara batuaren ahoskera zaindua (EBAZ).pdf:application/pdf},
	journal = {Euskera: Euskaltzaindiaren lan eta agiriak},
	note = {00000},
	pages = {485--490},
	title = {Euskara batuaren ahoskera zaindua ({EBAZ})},
	url = {http://www.euskaltzaindia.eus/dok/arauak/Araua_0087.pdf},
	urldate = {2014-05-28},
	volume = {43},
	year = {1998}
}

@book{gaminde_ahoskera_2014,
	address = {Bilbo},
	author = {Gaminde, I{\~n}aki and Aurrekoetxea, Gotzon and Etxebarria, Aintzane and Garay, Urtza and Romero, Asier},
	isbn = {978-84-9860-969-1},
	language = {Basque},
	note = {00001 OCLC: 932798465},
	publisher = {UPV/EHU, Argitalpen Zerbitzua},
	shorttitle = {Ahoskera lantzeko argibideak eta jarduerak},
	title = {Ahoskera lantzeko argibideak eta jarduerak: laguntzarako materiala : teoria eta praktika},
	year = {2014}
}

@incollection{aldai_adizki_2011,
	address = {Leioa},
	author = {Aldai, Gontzal},
	booktitle = {Sareko {Euskal} {Gramatika}},
	edition = {2014},
	editor = {Salaburu, Pello and Goenaga, Patxi and Sarasola, Ibon},
	isbn = {978-84-693-9891-3},
	language = {eu},
	note = {00000},
	publisher = {Euskara Institutua, UPV/EHU},
	shorttitle = {{SEG}},
	title = {Adizki trinkoak eta perifrastikoak},
	url = {http://www.ehu.eus/seg/morf/5/15/1/1},
	urldate = {2014-07-18},
	year = {2011}
}

@incollection{mujika_aditz-moduen_2011,
	address = {Leioa},
	author = {Mujika, Jose Antonio},
	booktitle = {Sareko {Euskal} {Gramatika}},
	edition = {2014},
	editor = {Salaburu, Pello and Goenaga, Patxi and Sarasola, Ibon},
	isbn = {978-84-693-9891-3},
	language = {eu},
	note = {00000},
	publisher = {Euskara Institutua, UPV/EHU},
	shorttitle = {{SEG}},
	title = {Aditz-moduen eta aditz-aldien sailkapena},
	url = {http://www.ehu.eus/seg/morf/5/15/2/2/1},
	urldate = {2014-07-18},
	year = {2011}
}

@phdthesis{abasolo_zailtasunak_2017,
	abstract = {Subjektu Bakarreko Diseinuaren ikuskeratik, lan honetan aurkezten da euskalduntze prozesuaren amaieran ari den ikastun bakar baten ahozko jardunaren analisia. Zehazki, ikerketa honek azaltzen ditu adizki jokatua prozesatzeko orduan ikastun horrek dituen zailtasunak, Europako Hizkuntzen Marko Bateratuaren araberako B2 mailatik C1era bitarteko ibilbidean. Horretarako, lehenengo aztertu da nola banatzen diren zalantza adierazleak, zuzenketa adierazleak eta gramatika erroreak. Adizki trinkoen eta adizki laguntzaileen inguruan estatistikoki maila adierazgarrian desberdin banatzen direla uzten du agerian. Kontrasteotan antzematen da badirela ezaugarri batzuk, zailtasun adierazleen agerrera baldintzatuko luketenak. Gero, Subjektu Bakarreko Diseinuko teknikak erabiliaz, A eta B aldietako datuen alderaketa aurkezten da: B2an zebilenekoak eta C1 amaierakoak; aldagai asketzat ikastaroa bera hartuta. Alderaketa horrek agerian utzi du erroreen gertaldietan beherako joera argia, baina ez du horrelakorik egin beste zailtasun adierazleetan. Kontrara, zailtasun adierazle gehienetan gorako joera ikusten da; besteak beste, errore prosodikotzat hartu behar den adizkiaren aurreko etenean. Joera aldakuntza gramatika gaitasunaren garapentzat ez da hartzen ikerketa honetan, baizik eta estrategien garapentzat.},
	address = {Leioa},
	author = {Abasolo, Juan},
	copyright = {info:eu-repo/semantics/openAccess},
	language = {eus},
	month = jul,
	note = {00000 Citation Key: abasolo\_zailtasunak\_2017 cites: abasolo\_zailtasunak\_2017},
	school = {UPV/EHU},
	title = {Zailtasunak aditz jokatuaren inguruan {B}2-{C}1 ibilbidean},
	type = {Doktorego-tesia},
	url = {https://addi.ehu.es/handle/10810/25306},
	urldate = {2018-03-16},
	year = {2017}
}

@article{friendly_mosaic_1994,
	author = {Friendly, Michael},
	doi = {10.2307/2291215},
	file = {Friendly - 1994 - Mosaic Displays for Multi-Way Contingency Tables.pdf:/home/juan/Dokumentuak/Zotero/storage/ZDHXT2IX/Friendly - 1994 - Mosaic Displays for Multi-Way Contingency Tables.pdf:application/pdf},
	issn = {01621459},
	journal = {Journal of the American Statistical Association},
	language = {en},
	note = {00394},
	number = {425},
	pages = {190},
	title = {Mosaic {Displays} for {Multi}-{Way} {Contingency} {Tables}},
	url = {https://www.jstor.org/stable/2291215?origin=crossref},
	urldate = {2018-06-04},
	volume = {89},
	year = {1994}
}

@article{meyer_strucplot_2006,
	author = {Meyer, David and Zeileis, Achim and Hornik, Kurt},
	doi = {10.18637/jss.v017.i03},
	file = {Snapshot:/home/juan/Dokumentuak/Zotero/storage/25Y543JI/v017i03.html:text/html},
	issn = {1548-7660},
	journal = {Journal of Statistical Software},
	keywords = {estatistika, statistic},
	language = {en},
	note = {00203},
	number = {3},
	shorttitle = {The {Strucplot} {Framework}},
	title = {The {Strucplot} {Framework}: {Visualizing} {Multi}-way {Contingency} {Tables} with vcd},
	url = {http://www.jstatsoft.org/v17/i03/},
	urldate = {2018-06-07},
	volume = {17},
	year = {2006}
}

@book{r_core_team_r:_2018,
	address = {Vienna, Austria},
	author = {{R Core Team}},
	note = {00000 bibtex[organization=R Foundation for Statistical Computing]},
	title = {R: {A} {Language} and {Environment} for {Statistical} {Computing}},
	url = {https://www.R-project.org/},
	year = {2018}
}

